3173 4005
443 537 679 589 suffixum
728 538 1063 587 accusativum
1109 552 1224 587 esse
1270 539 1385 588 dicit
1420 539 1558 588 vocis
1594 536 1716 600 dies,
1752 539 1800 587 in
1838 552 1939 604 quo
1978 537 2330 604 obrigescente
2368 538 2510 603 quasi
2548 551 2698 586 casus

443 625 602 677 forma
635 629 649 678 i
688 625 848 677 littera
886 628 1138 677 exciderit.
1214 627 1277 677 cf.
1317 627 1560 694 Merguet‚
1609 621 1689 678 die
1727 626 2109 694 Entwickelung
2144 627 2235 677 der
2268 626 2433 677 latein.
2470 626 2509 676 F
2512 640 2701 677 ormen-

444 715 669 783 bildung.
740 716 902 767 Berol.
960 715 1084 767 1870
1131 733 1178 783 p.
1223 716 1330 767 159.
1403 716 1582 768 Contra
1628 716 1784 782 Bopp,
1831 716 2007 783 Vergl.
2056 716 2300 768 Gramm.²
2353 717 2391 767 11
2433 716 2540 766 142.
2586 715 2693 766 146.

443 803 616 854 —dem
659 807 862 872 stirpem
911 821 1025 858 esse
1074 805 1466 872 pronominalem
1512 809 1803 872 suspicatur,
1853 821 2002 872 quam
2047 807 2339 857 sententiam
2375 805 2695 869 comprobare

443 895 641 945 videtur
676 893 911 955 Gossrau,
948 894 1134 949 Lateiu.
1173 894 1397 960 Sprachl.
1433 912 1481 960 p.
1520 894 1634 946 264.
1707 895 1823 947 Item
1875 900 2047 946 contra
2092 893 2408 946 Corssenium
2454 893 2693 954 Ribbeck,

442 983 626 1036 Latein.
673 984 853 1035 Partik.
905 1001 950 1051 p.
999 984 1030 1034 4
1067 1000 1154 1051 pro
1192 986 1465 1036 certissimo
1503 984 1712 1036 affirmat
1747 987 1793 1036 in
1831 984 2012 1035 suffixo
2059 982 2234 1033 -dem
2278 984 2444 1034 inesse
2493 985 2693 1050 stirpem

442 1076 748 1141 pronominis
787 1075 1160 1125 demonstrativi
1195 1090 1363 1140 neque
1409 1074 1550 1124 aliter
1582 1074 1821 1136 Vanicek‚
1870 1074 2080 1141 Etymol.
2119 1073 2369 1124 Wiirterb.
2407 1074 2495 1123 der
2529 1073 2691 1124 latein.

443 1163 553 1231 Spr.
590 1164 722 1230 Lips.
767 1165 891 1216 1874
929 1182 974 1232 p.
1013 1165 1093 1216 70.
1166 1166 1231 1215 ld.
1271 1182 1316 1231 p.
1355 1164 1420 1215 26
1467 1166 1528 1217 de
1576 1168 1725 1232 stirpe
1775 1165 2101 1232 pronominali
2148 1164 2228 1226 lca,
2274 1164 2339 1226 ki,
2391 1165 2519 1214 unde
2563 1165 2695 1230 prior

440 1269 556 1319 pars
583 1254 855 1319 particulae
882 1253 1069 1319 quidem
1096 1260 1268 1305 exorta
1291 1257 1366 1313 sit,
1406 1261 1470 1316 ut,
1497 1260 1733 1321 quantum
1760 1256 1993 1321 equidem
2021 1256 2182 1314 vide0,
2211 1270 2322 1304 cum
2347 1253 2692 1306 Schoemanno

441 1341 621 1394 faciant
658 1348 855 1410 praeter
889 1342 1203 1395 Corssenium
1242 1359 1431 1395 omnes.

642 1436 741 1486 Iam
779 1440 830 1485 ut
866 1436 929 1485 ad
966 1450 1111 1486 usum
1151 1435 1416 1487 verborum
1452 1451 1511 1484 ne
1544 1466 1610 1472 —
1646 1435 1830 1500 quidem
1877 1437 2266 1501 progrediamur,
2317 1434 2434 1486 illud
2482 1436 2691 1500 primum

444 1530 643 1575 constet
679 1525 754 1576 his
791 1525 1056 1591 particuliS,
1096 1543 1226 1592 quae
1267 1543 1437 1577 earum
1476 1531 1552 1576 est
1591 1528 1748 1592 origo,
1787 1527 1834 1576 id
1873 1526 2017 1586 effici,
2060 1532 2109 1576 ut
2145 1528 2379 1592 negativa
2417 1527 2689 1576 sententiae

441 1628 558 1678 pars
598 1614 833 1664 efferatur
869 1620 1018 1680 atque
1057 1614 1133 1665 alii
1172 1620 1463 1681 opponatur,
1502 1616 1607 1666 sive
1645 1632 1702 1665 ea
1740 1632 1853 1680 pars
1889 1614 2157 1681 singularis
2195 1614 2438 1680 quaedam
2477 1619 2554 1664 est
2590 1629 2690 1664 vox

439 1703 545 1751 sive
601 1701 766 1768 plures
821 1704 928 1753 sive
984 1702 1130 1769 plena
1185 1704 1485 1764 enunciatio,
1551 1705 1613 1753 ita
1666 1708 1832 1753 tamen
1892 1708 1942 1752 ut
2001 1708 2274 1753 extremum
2328 1705 2391 1752 sit
2452 1704 2686 1753 orationis

439 1791 712 1843 membrum
757 1794 803 1842 in
843 1795 969 1843 serie
1006 1794 1324 1859 negationum
1361 1798 1442 1842 aut
1476 1794 1745 1859 positarum
1782 1799 1865 1842 aut
1901 1794 2242 1859 cogitatarum.
2314 1792 2554 1851 Ribbeck,
2591 1791 2623 1844 l.
2660 1791 2689 1841 l.

437 1897 484 1946 p.
523 1880 602 1930 46.
675 1880 787 1931 Vim
840 1881 1181 1946 particularum
1220 1880 1449 1931 Germani
1497 1881 1708 1932 reddunt
1756 1882 1947 1933 verbis:
2001 1880 2124 1930 anese
2172 1880 2305 1930 m‘ehl
2348 1888 2429 1932 aut
2475 1884 2689 1948 graviori
2848 1879 2854 1946 l

438 1972 731 2036 negatione:
768 1969 900 2019 nicht
932 1971 1113 2019 ez‘mnal.
1190 1972 1318 2021 lusta
1356 1972 1626 2021 verborum
1661 1987 1721 2019 ne
1756 2003 1821 2007 —
1857 1971 2040 2037 quidem
2087 1971 2352 2021 collocatio
2401 1988 2460 2021 ea
2508 1979 2598 2031 est,
2640 1978 2689 2021 ut

437 2058 568 2109 illam
606 2061 837 2111 orationis
873 2067 1078 2127 partem,
1117 2077 1246 2127 quae
1287 2063 1451 2111 maiori
1491 2063 1537 2111 vi
1576 2062 1791 2122 effertur,
1830 2061 2195 2126 amplectantur.
2269 2060 2376 2123 Quo
2414 2064 2458 2111 in
2499 2078 2689 2128 genere

438 2164 550 2198 cum
594 2152 807 2198 rationes
856 2151 1220 2214 grammaticae,
1269 2150 1314 2198 id
1365 2151 1497 2214 quod
1546 2152 1840 2215 saepissime
1888 2151 1952 2207 sit,
1991 2149 2184 2214 logicas
2222 2151 2436 2207 vincant,
2490 2166 2619 2214 quae
2661 2166 2689 2199 a

436 2238 634 2296 dicendi
673 2238 1032 2287 consuetudine
1069 2238 1319 2297 recedunt,
1359 2239 1420 2286 de
1458 2239 1515 2288 iis
1552 2243 1726 2302 postea
1766 2238 2057 2288 videbimus.
2131 2237 2280 2286 Varia
2307 2253 2426 2287 vcro
2454 2254 2509 2286 ac
2537 2238 2690 2288 multi-

436 2324 579 2390 plicia
615 2331 728 2376 sunt
763 2326 922 2374 studia
958 2329 1175 2374 virorum
1213 2327 1472 2375 doctorum
1509 2328 1555 2374 in
1596 2327 1894 2390 exponendo
1923 2342 2010 2376 usu
2039 2328 2313 2391 syntactico
2343 2328 2688 2390 particularum

436 2430 496 2463 ne
531 2445 594 2450 —-
640 2413 825 2478 quidem
873 2414 1129 2473 collocata,
1179 2431 1307 2480 quae
1356 2431 1644 2464 enumerare
1692 2417 1851 2464 omnia
1901 2431 1990 2464 nec
2038 2414 2225 2464 consilii
2272 2418 2424 2465 nostri
2474 2422 2551 2465 est
2597 2432 2688 2465 nec

440 2506 628 2554 virium.
699 2504 925 2555 Priorum
961 2506 1157 2554 nomina
1195 2509 1436 2571 congesta
1474 2509 1587 2553 sunt
1624 2504 1685 2554 ab
1724 2504 1906 2554 Haasio
1944 2521 1988 2554 n.
2016 2503 2113 2553 420
2150 2505 2211 2552 ad
2246 2504 2451 2570 Reisigii
2490 2504 2686 2554 VorleS.

438 2595 519 2644 iib.
580 2594 743 2644 latein.
806 2593 1062 2659 SprachW.
1173 2594 1301 2642 Inter
1373 2609 1486 2653 eOS,
1560 2596 1640 2659 qui
1711 2594 1954 2643 latinitatis
2028 2600 2298 2659 praecepta
2367 2594 2685 2653 tradiderunt,

438 2684 495 2734 G.
537 2684 817 2734 Wichertus
891 2700 1036 2734 usum
1099 2684 1365 2734 verborum
1411 2701 1470 2732 ne
1517 2712 1584 2719 ——-
1627 2683 1809 2748 quidem
1868 2686 2204 2749 copiosissime
2261 2691 2308 2734 et
2365 2683 2684 2734 subtilissime

436 2779 712 2826 exsecutus
764 2780 854 2833 est,
904 2762 1301 2840 Na‘gelsbachius
1352 2791 1411 2826 ne
1459 2777 1614 2842 attigit
1661 2775 1860 2841 quidem
1908 2776 2118 2826 remissa
2165 2790 2223 2825 ea
2271 2790 2387 2825 cura
2426 2775 2489 2825 ad
2528 2790 2688 2842 grani-

436 2866 656 2914 maticos
730 2863 949 2925 Quorum
990 2866 1036 2913 in
1073 2864 1209 2915 libris
1248 2880 1358 2914 cum
1396 2864 1545 2914 multa
1583 2866 1643 2913 de
1681 2880 1740 2912 ne
1763 2894 1828 2899 —
1853 2863 2037 2927 quidem
2061 2866 2388 2924 inveniantur,
2428 2881 2558 2930 quae
2587 2879 2686 2914 non

435 2953 698 3020 improbari
736 2958 962 3019 possunt,
1001 2958 1103 3002 tum
1141 2952 1280 3018 plura
1316 2955 1482 3004 insunt
1517 2954 1819 3003 correctione
1848 2959 1896 3002 et
1920 2953 2264 3002 emendatione
2292 2953 2457 3020 digna.
2510 2952 2685 3020 Neque

436 3043 613 3094 Handii
658 3041 988 3103 TursellinuS‚
1046 3057 1145 3108 quo
1206 3057 1360 3108 opere
1408 3041 1594 3093 nullum
1641 3042 1701 3092 ad
1747 3041 1877 3091 hunc
1929 3042 2055 3091 diem
2114 3042 2175 3091 de
2223 3042 2474 3108 particulis
2523 3042 2684 3096 latinis

437 3132 646 3199 amplius
684 3138 759 3183 est
795 3137 876 3182 aut
913 3132 1116 3192 doctius
1156 3134 1200 3183 in
1239 3133 1311 3194 iis,
1350 3150 1480 3199 quae
1515 3132 1612 3184 vol.
1642 3132 1708 3183 lV
1732 3149 1779 3198 p.
1807 3131 1876 3197 fio
1909 3148 1983 3197 sq.
2024 3131 2086 3181 de
2122 3132 2292 3184 verbis
2329 3150 2389 3182 ne
2411 3163 2479 3170 —
2502 3132 2687 3199 quidem

437 3222 601 3283 habet,
662 3227 858 3272 nostrae
920 3223 1093 3271 aetatis
1155 3225 1576 3288 exspectationem
1635 3221 1798 3271 talium
1860 3223 2205 3286 quaestionum
2266 3222 2686 3275 absolvendarum

436 3314 660 3364 sustinet.
734 3312 955 3363 Ribbeck
994 3311 1024 3364 l.
1063 3312 1093 3363 l.
1132 3330 1179 3380 p.
1212 3313 1250 3363 1.
1323 3314 1422 3363 lam
1458 3328 1577 3363 vero
1616 3318 1665 3362 ut
1702 3315 1902 3362 materia
1940 3318 2247 3378 suppeteret,
2286 3315 2417 3366 unde
2455 3332 2584 3382 quae
2624 3317 2684 3366 ad

437 3420 582 3454 usum
633 3406 936 3470 pertinerent
987 3405 1254 3456 verborum
1305 3421 1365 3454 ne
1406 3434 1471 3441 —
1514 3403 1697 3469 quidem
1739 3406 1782 3453 in
1833 3403 2206 3470 elegantissimo
2254 3406 2447 3457 dicendi
2497 3423 2683 3473 genere

440 3497 650 3562 optimae
713 3497 888 3546 aetatis
946 3495 1148 3562 linguae
1205 3494 1385 3546 latinae
1444 3494 1842 3561 perspiciendum
1892 3493 2229 3557 haurirentur,
2276 3495 2493 3548 tabulam
2563 3496 2686 3548 infra

2952 143 3011 163 »Β
3132 12 3173 171 Ι
