3173 4005
366 228 1261 237 ..affl—-

478 514 556 560 est
609 509 816 560 eruditio
874 515 1039 560 nostra
1094 511 1315 561 terminis
1374 509 1700 559 vehementer
1754 509 2102 569 admonemur,
2167 525 2230 558 ne
2289 525 2405 559 cum
2463 512 2511 560 in
2569 513 2733 576 parvis

477 601 806 665 acquiescere
844 599 1002 662 liceat,
1040 602 1225 653 maiora
1262 600 1582 667 capessendo
1619 599 1964 667 periclitemur.

679 735 730 783 In
757 733 1006 784 Ciceronis
1035 733 1316 783 elocutione
1344 736 1553 782 oratoria
1578 736 1831 783 contrariis
1858 737 2000 799 quasi
2026 734 2199 783 librata
2225 734 2527 798 ponderibus
2553 733 2735 783 nullius

474 822 744 890 particulae
783 839 906 874 usus
944 827 1019 873 est
1054 823 1362 889 frequentior
1397 838 1543 888 quam
1583 824 1923 889 restringentis
1961 822 2168 873 voculae
2206 827 2374 872 tamen.
2448 821 2584 883 Quae
2622 837 2734 872 cum

475 914 761 964 necessario
833 912 1073 963 referatur
1127 913 1187 962 ad
1245 915 1494 962 notionem
1550 913 1884 973 concedendi,
1954 913 2078 962 haec
2135 917 2217 961 aut
2272 914 2320 961 in
2376 913 2733 962 sententiarum

475 1004 698 1068 proxime
760 1005 1123 1067 propositarum
1179 1002 1353 1052 ordine
1408 1001 1528 1052 latet
1581 1007 1631 1051 et
1687 1001 1868 1051 ambitu
1922 1000 2002 1051 vel
2051 1000 2290 1067 singulari
2340 1001 2555 1067 quadam
2601 1015 2732 1051 voce

476 1093 753 1142 continetur
802 1090 884 1141 vel
938 1092 1284 1156 imperativum
1341 1093 1543 1157 respicit
1589 1091 1750 1155 (Verr.
1807 1091 1841 1140 11
1894 1090 2012 1151 141,
2070 1090 2117 1141 V
2182 1090 2259 1155 11)
2312 1094 2394 1141 aut
2451 1091 2733 1142 incohatam

476 1182 724 1248 quandam
763 1182 1121 1232 enunciationis
1160 1184 1488 1231 concessivae
1526 1183 1733 1232 formam
1768 1180 2010 1232 exhibens
2046 1182 2093 1230 in
2121 1179 2217 1230 abl.
2246 1179 2404 1231 absol.
2431 1182 2557 1232 inest
2582 1195 2734 1231 sensu

476 1274 773 1324 concessivo
821 1272 983 1334 (Verr.
1031 1272 1047 1322 Ι
1090 1272 1198 1323 100.
1285 1273 1321 1322 11
1369 1272 1473 1323 160.
1556 1273 1614 1323 Ill
1660 1273 1731 1324 19.
1803 1271 1989 1323 Cluent.
2027 1271 2107 1322 95.
2179 1270 2312 1323 Catil.
2363 1270 2460 1321 17.
2534 1269 2646 1321 Milo
2684 1269 2730 1320 7.

473 1362 597 1414 Phil.
648 1363 683 1413 Il
737 1363 821 1428 64)
876 1364 959 1414 vel
1006 1366 1054 1414 in
1102 1367 1471 1432 praeposifione
1527 1366 1573 1414 in
1620 1382 1660 1414 c.
1709 1363 1804 1414 abl.
1849 1364 2012 1429 (Verr.
2061 1364 2097 1414 ΙΙ
2150 1363 2222 1414 14.
2317 1362 2506 1414 Cluent.
2555 1361 2601 1412 3.
2657 1361 2731 1414 15.

476 1454 664 1504 Muren.
708 1455 788 1504 34.
840 1455 976 1506 sana
1019 1456 1059 1505 1.
1099 1456 1176 1505 81.
1227 1457 1374 1507 prov.
1414 1471 1549 1506 cons.
1594 1457 1668 1507 11.
1705 1457 1783 1505 40.
1823 1455 1933 1505 Milo
1975 1456 2049 1504 15.
2075 1438 2242 1504 'Deion
2289 1455 2361 1503 11.
2408 1452 2530 1503 Phil.
2571 1452 2632 1501 xi
2674 1453 2735 1515 1.)
2894 1459 2896 1482 ι

479 1544 561 1594 vel
596 1546 642 1594 in
682 1546 850 1609 partic,
891 1546 1156 1595 coniuncto
1202 1544 1366 1608 (Verr.
1406 1546 1423 1595 1
1461 1544 1540 1595 70.
1581 1544 1647 1595 lV
1684 1543 1761 1595 78.
1835 1542 1967 1594 Catil.
2007 1543 2064 1593 111
2105 1543 2179 1594 12.
2251 1543 2433 1593 Muren.
2473 1540 2552 1590 33.
2601 1540 2731 1591 Sest.
2893 1491 2897 1585 1

480 1631 559 1684 58.
599 1632 680 1685 60.
726 1631 831 1683 140.
881 1632 982 1683 142.
1024 1632 1134 1684 Milo
1172 1632 1248 1684 60.
1290 1631 1502 1684 Marcell.
1542 1632 1620 1683 31.
1659 1631 1742 1695 34)
1788 1637 1869 1682 aut
1917 1632 2177 1683 referenda
2218 1636 2295 1682 est
2340 1631 2398 1681 ad
2451 1631 2646 1697 plenam
2686 1635 2734 1681 et
2893 1586 2896 1736 ἔ

474 1726 653 1775 iustam
679 1724 1077 1774 enunciationem
1106 1724 1454 1773 concessivam
1481 1722 1555 1772 his
1584 1723 1887 1789 potissimum
1913 1723 2107 1772 formis:
2151 1722 2195 1785 1)
2221 1720 2475 1772 Coniunct.
2505 1735 2730 1771 concess.
2893 1743 2896 1845 ¹

2893 1904 2896 1975 ἱ

2893 1982 2897 2071 l

474 1845 541 1851 —
577 1823 761 1866 tamen.
834 1815 882 1877 2)
930 1814 1020 1877 Qui
1057 1830 1284 1865 concess.
1331 1843 1399 1849 —-
1442 1820 1618 1864 tamen.
1692 1814 1741 1878 3)
1785 1813 1845 1863 Ut
1882 1830 2110 1863 concess.
2156 1843 2220 1848 ——
2265 1818 2447 1862 tamen.
2519 1812 2569 1872 4)
2613 1810 2734 1861 Cum

477 1921 708 1954 concess,
747 1934 811 1940 —
847 1911 1026 1954 tamen.
1099 1906 1145 1962 5)
1184 1903 1491 1969 Quamquam
1529 1932 1592 1938 -
1627 1909 1804 1954 tamen.
1879 1904 1927 1963 6)
1961 1903 2065 1952 Etsi
2100 1933 2166 1937 —
2200 1909 2380 1952 tamen.
2442 1901 2491 1962 7)
2516 1900 2734 1950 Tametsi

474 2025 538 2031 --
576 2000 758 2044 tamen.
831 1993 880 2057 8)
916 1994 1073 2044 Etiam
1111 1997 1150 2044 si
1187 2023 1252 2028 —
1287 2000 1466 2044 tamen.
1499 2004 1502 2008 ·
1537 1993 1586 2055 9)
1623 1993 1856 2053 Quamvis
1895 2022 1953 2027 —
1993 1999 2174 2042 tamen.
2251 1991 2329 2054 10)
2364 1989 2414 2042 Si
2448 1992 2557 2054 (sin,
2597 1989 2731 2055 quod

475 2088 534 2149 si)
570 2115 636 2121 —
670 2091 851 2135 tamen.
2892 2092 2896 2201 ξ

679 2219 872 2270 Tabula
910 2220 1138 2269 adiuncta
1174 2217 1513 2284 paragraphos
1550 2218 1727 2267 indicat
1765 2218 2039 2267 orationum
2078 2217 2345 2274 Ciceronis,
2385 2218 2430 2265 in
2470 2215 2648 2281 quibus
2675 2230 2733 2264 ea

477 2328 667 2377 genera
696 2312 961 2361 formarum
987 2313 1402 2370 concessivarum‚
1432 2326 1561 2376 quae
1590 2312 1736 2360 modo
1763 2311 2128 2377 proposuimus,
2158 2310 2470 2360 exhibentur.
2522 2306 2733 2357 Plenum

476 2399 818 2465 exemplorum
876 2415 1134 2449 numerum
1193 2416 1301 2449 cnm
1358 2415 1453 2449 non
1515 2398 1734 2449 inutilem
1789 2399 1891 2450 fore
1940 2415 2200 2465 speramus
2249 2399 2310 2448 ad
2358 2397 2605 2463 explenda
2651 2401 2735 2447 aut

478 2490 778 2556 corrigenda
840 2488 1026 2555 aliquot
1084 2491 1514 2556 grammaticorum
1572 2493 1861 2555 praecepta,
1923 2490 2165 2554 propriam
2215 2505 2271 2538 ac
2321 2487 2618 2553 peculiarem
2668 2487 2731 2535 de

476 2581 905 2631 enunciationibus
947 2582 1255 2630 concessivis
1294 2581 1565 2629 doctrinam
1604 2596 1665 2629 ne
1704 2583 1876 2630 tentari
1914 2581 2113 2645 quidem
2153 2596 2178 2629 a
2216 2580 2359 2628 nobis
2397 2582 2566 2643 aperte
2594 2576 2735 2641 profi-

474 2675 653 2730 temur,
692 2671 876 2735 quippe
915 2685 1041 2734 quae
1080 2686 1189 2719 cum
1226 2672 1272 2720 in
1313 2672 1494 2720 ceteris
1532 2670 1668 2720 libris
1706 2672 2032 2736 grammaticiS
2070 2676 2171 2720 tum
2208 2668 2526 2720 subtilissimo
2554 2667 2731 2717 iudicio

476 2765 526 2809 et
565 2762 777 2826 egregia
814 2776 931 2810 cura
975 2762 1200 2825 exposita
1237 2762 1298 2811 sit
1335 2777 1361 2810 a
1400 2759 1670 2821 Wicherto,
1709 2760 1894 2810 Latein.
1924 2759 2167 2818 Stillehre,
2207 2758 2448 2825 Konigsb.
2482 2755 2619 2817 1856,
2649 2758 2733 2823 qui

473 2850 600 2901 liber
646 2852 706 2900 ad
755 2852 885 2902 hunc
936 2852 1064 2901 diem
1113 2855 1281 2901 nescio
1321 2852 1574 2917 quomodo
1612 2851 1878 2918 neglectus
1914 2850 2062 2901 latuit.
2136 2851 2423 2900 Formarum
2460 2865 2647 2916 genera
2689 2850 2730 2909 1,

475 2939 521 3001 2,
560 2938 591 2990 3
630 2955 795 3006 pauca
831 2942 1097 2992 admodum
1134 2943 1180 2991 in
1219 2941 1518 2992 orationibus
1555 2940 1812 2991 Ciceronis
1849 2940 2096 3008 leguntur.
2168 2942 2245 2991 Ac
2279 2941 2488 3007 primum
2534 2942 2731 3008 quidem

476 3046 670 3096 genus:
722 3031 954 3081 com‘unct.
1005 3047 1137 3080 conc,
1175 3060 1242 3067 —
1279 3036 1432 3080 tamen
1485 3049 1597 3082 cum
1636 3031 1777 3082 Caec.
1816 3031 1870 3081 41
1919 3036 1967 3082 et
2002 3031 2114 3083 Har.
2152 3048 2280 3098 resp.
2325 3030 2383 3081 19
2421 3033 2730 3083 coniunctivo

484 3121 704 3170 additum
743 3122 805 3171 sit
841 3121 965 3182 licet,
1002 3121 1158 3171 tribus
1194 3126 1379 3171 tantum
1418 3121 1686 3187 exemplis:
1724 3121 1880 3172 Deiot.
1918 3121 1996 3172 26.
2034 3122 2159 3174 Phil.
2199 3123 2215 3172 Ι
2264 3121 2324 3172 13
2376 3121 2425 3171 V
2460 3121 2523 3172 30
2560 3123 2734 3174 confir-

477 3214 651 3259 matur.
724 3210 843 3260 Item
882 3210 1117 3275 quz’conc.
1154 3239 1221 3246 —
1259 3214 1411 3259 tamen
1449 3197 1543 3262 non
1573 3211 1794 3261 crebrius
1821 3226 1968 3277 quam
1993 3217 2080 3271 ter,
2118 3215 2173 3261 ut
2191 3216 2571 3262 cona—tamen
2596 3214 2732 3278 quin-

475 3301 618 3364 quies
661 3304 848 3348 tantum
899 3300 1175 3350 exhibetur.
1251 3301 1428 3349 Forma
1464 3301 1520 3350 4:
1566 3315 1671 3349 cum
1707 3316 1840 3349 conc.
1889 3330 1957 3337 —
2003 3306 2157 3349 tamen
2202 3303 2249 3350 in
2300 3301 2528 3351 omnibus
2568 3318 2728 3366 paene

476 3389 780 3440 orationibus
829 3391 1100 3450 invenitur,
1149 3386 1476 3440 creberrimus
1524 3392 1628 3440 eius
1677 3407 1796 3439 usus
1842 3395 1918 3440 est
1962 3392 2009 3440 in
2045 3390 2280 3451 VerriniS,
2322 3390 2469 3440 veluti
2505 3392 2554 3440 in
2590 3392 2730 3441 tertia

473 3479 730 3528 undecies
809 3476 1105 3544 Quamquam
1145 3508 1211 3514 —
1259 3482 1436 3540 tamen,
1481 3480 1577 3528 etsi
1615 3508 1683 3515 —
1729 3483 1881 3528 tamen
1929 3481 2152 3530 eiusdem
2200 3479 2305 3530 fere
2355 3480 2727 3545 significationis
2887 3388 2892 3705 1
