3173 4005
1363 356 1421 361 --
1503 325 1561 374 15
1631 355 1694 360 --

402 458 544 508 Verr.
587 474 630 508 a.
680 474 749 523 pr.
800 457 888 508 22:
934 474 1054 506 sane
1096 477 1157 506 ne
1200 457 1321 506 haec
1364 457 1479 506 milei
1519 459 1714 525 quidem
1755 474 1840 507 res
1876 457 2106 523 placebat
2141 460 2225 520 (ita
2266 456 2521 523 Zumptius
2562 472 2652 523 pro

401 547 631 613 vulgata:
673 565 734 596 ne
782 546 903 596 llaec
949 548 1143 615 quidem
1188 562 1271 597 res
1317 547 1430 597 mihi
1466 547 1733 613 placebat),
1783 551 1823 599 is
1860 549 1906 598 in
1946 548 2158 598 editione
2195 546 2501 613 Kayseriana
2538 544 2653 596 nihil

399 636 553 687 habet
589 637 902 687 offensionis:
939 651 1058 685 sane
1091 655 1154 685 ne
1186 633 1307 684 haec
1343 636 1538 703 quidem
1571 635 1685 686 milei
1713 652 1796 685 res
1810 636 2053 702 placebat.
2104 636 2307 686 Praeter
2333 636 2464 686 hunc
2489 635 2651 686 locum

400 727 699 793 respiciendi
726 732 854 785 sunt,
893 742 1019 791 quos
1057 742 1209 791 supra
1244 728 1338 777 iam
1375 724 1644 777 attulimus:
1682 726 1825 777 Verr.
1865 727 1930 776 lV
1973 726 2079 777 143.
2128 725 2272 776 Verr.
2298 726 2346 775 V
2371 710 2417 775 6:
2457 725 2648 776 Caecin.

399 814 485 865 73.·
552 815 739 866 Muren.
777 813 857 865 36.
929 813 1066 866 Sulla
1102 813 1182 866 38.
1256 814 1366 866 Milo
1403 813 1481 875 88,
1521 817 1566 865 in
1605 815 1785 881 quibus
1826 816 2055 866 omnibus
2091 831 2151 864 ne
2185 847 2250 850 —
2287 814 2472 879 quidem
2510 818 2652 881 parti-

402 906 543 956 culae
583 906 646 954 ob
686 922 795 954 eam
834 922 1171 956 causam-non
1209 920 1300 954 suo
1336 905 1446 955 loco
1484 908 1675 971 positae
1714 923 1827 956 esse
1869 908 2113 965 videntur,
2165 907 2297 971 quod
2349 912 2458 955 ante
2508 922 2646 973 pron.

400 1001 482 1044 aut
519 997 722 1046 adverb.
764 997 898 1046 relat.
950 1012 1048 1046 vox
1098 978 1485 1046 demonstrativa
1533 998 1716 1045 omissa
1755 1003 1847 1056 est,
1897 1013 2026 1062 quae
2076 998 2168 1046 nisi
2215 998 2500 1056 excidisset,
2539 1014 2649 1048 cum

404 1088 619 1153 graviori
657 1088 703 1137 vi
741 1088 992 1139 efferenda
1028 1088 1213 1148 fuisset,
1252 1086 1430 1138 includi
1463 1088 1673 1153 oportuit
1710 1088 1873 1138 verbis
1910 1103 1969 1136 ne
2003 1118 2068 1124 —
2105 1085 2306 1152 qm'dem.

601 1222 700 1278 His,
753 1237 882 1285 quae
932 1223 1078 1270 modo
1127 1224 1465 1285 exposuimus,
1514 1223 1848 1270 annectendae
1896 1238 2010 1271 esse
2058 1223 2290 1270 videntur
2326 1224 2648 1287 quaestiones

398 1311 644 1377 quaedam
681 1314 923 1378 gravioris
951 1314 1206 1392 gnomenti.
1278 1312 1353 1362 Ac
1402 1314 1606 1377 primum
1643 1313 1843 1377 quidem
1880 1315 1925 1362 in
1965 1315 2304 1362 controversia
2342 1318 2431 1372 est,
2470 1315 2649 1379 possit-

399 1417 462 1450 ne
499 1416 587 1448 uec
624 1400 860 1465 particula
899 1416 984 1466 pro
1019 1416 1079 1449 ne
1113 1431 1178 1436 —
1214 1399 1398 1465 quidem
1434 1403 1564 1467 poni.
1638 1401 1709 1451 De
1758 1417 1856 1466 quo
1904 1418 1995 1452 usu
2033 1404 2326 1467 scriptorum
2364 1404 2647 1466 posterioris

397 1493 568 1542 aetatis
610 1507 721 1541 cum
762 1490 890 1542 nulla
928 1508 1039 1543 esse
1078 1493 1230 1558 possit
1268 1492 1517 1553 dubitatio,
1556 1491 1806 1559 Reisigius
1843 1492 1871 1542 l.
1902 1492 1930 1542 l.
1961 1508 2007 1558 p.
2037 1491 2134 1542 429
2158 1508 2245 1540 nec·
2273 1508 2487 1558 unquam
2517 1492 2644 1543 idem

395 1598 506 1633 esse
556 1597 613 1632 ac
658 1596 717 1630 ue
760 1612 824 1616 —-—
868 1580 1054 1646 quidem
1098 1587 1275 1649 negat,
1324 1581 1602 1648 Madvigius
1650 1582 1708 1631 ad
1759 1581 1855 1632 Cio.
1905 1582 1982 1632 sin.
2033 1600 2079 1648 p.
2127 1581 2225 1632 816
2270 1598 2345 1648 sq.
2393 1598 2643 1647 nunquam

396 1673 591 1720 omnino
636 1670 866 1721 meliores
913 1673 1176 1735 scriptores
1222 1686 1309 1720 nec
1348 1674 1668 1737 usurpavisse
1719 1689 1805 1737 pro
1851 1688 1910 1719 ne
1946 1703 2009 1706 —r
2045 1670 2244 1735 quidem,
2293 1670 2545 1736 Zumptius
2583 1672 2643 1719 ad

394 1759 534 1809 Verr.
583 1759 628 1809 V
691 1761 736 1816 5,
791 1759 842 1808 11
895 1758 1194 1810 Ciceronem·
1229 1764 1362 1809 certe
1412 1762 1456 1809 in
1506 1761 1806 1810 orationibus
1858 1777 2107 1825 nunqnam
2157 1763 2217 1809 ita
2264 1760 2479 1810 locutum
2530 1777 2643 1810 esse

395 1856 607 1899 monent.
680 1849 780 1898 Nec
816 1849 1033 1899 Handius
1071 1849 1212 1899 Turs.
1251 1850 1318 1900 IV
1366 1865 1409 1914 p.
1457 1850 1548 1899 105
1599 1850 1747 1900 ullum
1795 1853 1839 1900 in
1888 1852 2186 1900 orationibus
2232 1851 2485 1900 Ciceronis
2534 1853 2640 1900 eius

394 1955 513 1987 usus
550 1937 828 2003 exemplum
865 1954 919 1987 se
957 1939 1208 1987 invenisse
1246 1939 1357 2000 dicit
1392 1944 1590 2004 praeter
1626 1938 1785 1989 locum
1823 1940 1955 1989 Catil.
1985 1939 2075 1989 118
2103 1941 2369 1989 admodum
2402 1943 2640 1989 incertum

394 2027 458 2079 cf.
497 2027 659 2078 Haase
710 2028 772 2077 ad
817 2029 1005 2095 Reisig.
1056 2044 1099 2078 n.
1148 2028 1258 2079 417.
1344 2029 1426 2079 llle
1476 2036 1635 2080 tamen
1684 2029 1822 2080 locus
1874 2036 2006 2080 recte
2056 2032 2350 2081 constitutus
2396 2033 2459 2081 ita
2508 2046 2637 2082 nunc

391 2118 597 2184 legitur:
650 2135 780 2167 nemo
823 2135 916 2167 mm
963 2119 1100 2167 modo
1142 2119 1318 2168 Romae
1364 2119 1455 2168 sed
1499 2141 1559 2168 ue
1602 2120 1692 2167 ullo
1744 2121 1938 2186 quidem
1986 2122 2030 2168 in
2077 2121 2243 2184 meyula
2290 2122 2432 2169 lolius
2468 2118 2641 2169 ,ltaliae

392 2193 655 2273 opprffivus
712 2222 825 2256 aere
881 2208 1032 2257 alieno
1071 2208 1183 2270 snit.
1268 2209 1433 2275 ltaque
1483 2225 1593 2260 cmn
1640 2192 1715 2259 alii
1762 2209 1859 2259 loci
1910 2227 2000 2259 non
2047 2214 2239 2260 exstent
2285 2210 2379 2259 hoc
2429 2215 2638 2269 maneat,

393 2314 641 2363 nunquam
678 2300 725 2348 in
766 2300 1067 2350 orationibus
1107 2300 1359 2350 Ciceronis
1394 2317 1481 2349 nec
1517 2302 1721 2350 inveniri
1760 2317 1848 2366 pro
1886 2318 1943 2348 m»
1979 2332 2040 2335 —-
2078 2300 2277 2364 quidem.
2352 2301 2482 2349 Idem
2514 2300 2639 2349 valet

393 2388 453 2437 dc
503 2387 748 2453 particulis
796 2405 883 2436 mu:
926 2419 990 2424 ——
1034 2389 1243 2452 quidem.
1301 2406 1426 2454 quas
1484 2407 1732 2455 nunquam
1794 2392 1960 2439 Cicero
2011 2406 2097 2455 pro
2145 2406 2203 2437 ne
2251 2420 2315 2424 --
2362 2389 2548 2453 (jusdem
2593 2393 2639 2439 in

393 2478 691 2527 orationibus
731 2480 998 2544 usurpavit.
1071 2478 1213 2529 Hand
1251 2478 1281 2530 l.
1310 2479 1338 2528 l.
1379 2479 1442 2530 lV
1481 2496 1525 2544 p.
1573 2480 1676 2528 145.
1704 2480 1748 2528 3.
1822 2479 2019 2539 Madvig·
2043 2480 2101 2528 ad
2129 2480 2222 2529 Cic.
2253 2480 2331 2529 fin.
2360 2468 2408 2545 p.
2440 2479 2537 2530 822
2564 2497 2639 2546 sq.

391 2567 493 2617 Nec
543 2569 702 2616 minus
753 2584 922 2617 verum
969 2575 1155 2634 perstat
1199 2569 1332 2623 illud,
1381 2570 1508 2632 apud
1548 2570 1832 2618 Ciceronem
1879 2571 1922 2618 in
1964 2569 2261 2618 orationibus
2301 2585 2546 2634 nusquam
2582 2585 2642 2617 ue

391 2656 678 2721 particulam
718 2658 898 2706 codem
935 2673 1088 2707 sensu
1126 2673 1224 2723 quo
1261 2674 1321 2705 ne
1355 2688 1420 2691 —
1455 2657 1637 2721 quidem
1674 2657 1788 2719 legi.
1863 2659 1921 2707 cs.
1963 2659 2134 2722 Reisig
2170 2675 2217 2724 p.
2256 2657 2353 2707 587
2394 2664 2440 2706 01
2478 2657 2639 2709 Haasii

391 2745 719 2796 dubitationes
757 2747 817 2796 de
856 2746 1091 2796 Cicerone
1132 2753 1180 2796 et
1216 2746 1426 2797 Caesare
1466 2764 1510 2796 n.
1549 2747 1659 2796 494.
1732 2747 1956 2796 Ribbeck
1993 2747 2022 2796 1.
2057 2746 2085 2795 l.
2125 2763 2168 2812 p.
2209 2746 2288 2795 47.

590 2879 813 2945 Denique
853 2896 1001 2930 unum
1039 2880 1279 2945 reliquum
1321 2887 1407 2938 051,
1447 2883 1507 2929 de
1547 2896 1644 2945 quo
1674 2896 1828 2945 pauca
1856 2883 2175 2945 disputemus.
2229 2880 2485 2941 Quaeritur
2511 2884 2639 2930 enim

388 2972 435 3018 in
475 2970 729 3018 adicienda
766 2972 1008 3018 sententia
1044 2985 1135 3033 per
1171 2971 1563 3018 coniunctionem
1602 2968 1930 3032 copulativam
1984 2974 2257 3018 mutetnrnc
2306 2969 2460 3018 forma
2499 2972 2641 3034 parti·

392 3057 612 3108 cularum
648 3074 707 3106 ne
740 3087 805 3093 —-
841 3056 1060 3122 quidem?
1133 3057 1240 3108 Non
1278 3060 1502 3125 posuisse
1543 3058 1772 3124 copulam
1809 3058 2090 3108 Ciceronem
2118 3057 2340 3123 aliosque
2369 3062 2636 3124 scriptores

394 3149 606 3215 optimos
642 3150 689 3199 in
726 3147 890 3198 media
928 3147 1164 3208 oratione,
1215 3164 1276 3198 ne
1314 3148 1639 3214 infringerent
1676 3148 1770 3197 vim
1810 3148 2055 3209 dictionis,
2093 3146 2315 3198 Handius
2344 3148 2456 3198 dicit
2493 3148 2634 3200 Turs

388 3238 457 3289 IV
491 3255 537 3303 p.
577 3238 654 3289 68.
711 3239 784 3288 15.
863 3237 1091 3289 Similiter
1142 3238 1444 3289 Ribbeckius
1493 3255 1537 3303 p.
1585 3237 1648 3287 46
1680 3244 1861 3288 =monet
1907 3239 2306 3304 perspicuitatem
2357 3242 2635 3290 sententiae

393 3329 556 3379 verbis
591 3344 652 3377 ne
685 3359 750 3364 -—
787 3329 971 3393 quidem
1009 3345 1278 3395 expressae
1317 3328 1502 3378 elevari
1541 3345 1636 3379 non
1676 3335 1900 3395 oportere
1936 3330 2251 3395 infringenda
2286 3347 2345 3378 ne
2372 3331 2637 3397 particulae

389 3419 439 3468 vi
486 3420 533 3467 in
576 3434 729 3482 neque
777 3421 882 3469 sive
928 3435 1031 3479 nec,
1080 3420 1170 3469 sed
1217 3418 1445 3483 praefixis
1495 3424 1636 3481 atque
1681 3435 1738 3466 m·
1787 3427 1834 3467 el
1881 3421 1925 3469 id
1976 3422 2072 3485 agi,
2126 3427 2173 3469 nt
2224 3437 2310 3486 per
2346 3438 2401 3469 se
2442 3428 2638 3471 constet
