3173 4005
1614 1022 1739 1064 Edicit,
1781 1033 1880 1071 quae
1901 1023 2026 1073 potui,
2066 1033 2143 1061 non
2173 1027 2215 1061 ut
2247 1023 2357 1064 volui,
2398 1020 2469 1060 sed
2497 1026 2538 1059 ut

1700 1113 1759 1141 me
1789 1105 1973 1152 temporis
2003 1104 2209 1151 anqustiae
2239 1106 2458 1150 coeqemmt.

2035 1181 2108 1219 Cic.
2142 1182 2189 1219 de
2222 1187 2313 1219 orat.
2345 1182 2390 1217 Ill
2423 1179 2491 1224 61,
2526 1177 2622 1217 228.

492 1313 806 1417 Quicunque
843 1350 891 1399 in
927 1353 1152 1400 veterum
1189 1350 1484 1416 scriptorum
1518 1349 1652 1401 libris
1688 1350 1915 1418 legendis
1941 1352 2096 1402 maius
2125 1350 2341 1401 studium
2368 1346 2741 1407 collocaverint,

493 1466 664 1502 eorum
699 1453 783 1501 vix
809 1466 1112 1517 quemquam
1139 1466 1235 1502 non
1262 1453 1667 1503 animadvertisse
1692 1453 1913 1513 arbitror,
1952 1454 2162 1503 eandem
2191 1466 2368 1502 vocem
2395 1455 2509 1517 post
2533 1449 2742 1500 brevem

492 1540 758 1592 verborum
805 1540 1225 1605 intercapedinem
1273 1556 1301 1590 a
1345 1539 1720 1606 diligentissimo
1769 1557 1972 1607 quoque
2029 1543 2271 1606 scriptore
2331 1542 2379 1590 in
2437 1537 2739 1604 politissimis

496 1631 639 1681 etiam
677 1630 909 1680 orationis
948 1628 1165 1695 partibus
1200 1631 1267 1680 ita
1301 1632 1471 1695 repeti,
1510 1636 1562 1680 ut
1594 1631 1696 1680 vitii
1732 1632 1884 1681 instar
1921 1633 2097 1682 nostr1s
2146 1629 2348 1680 fastidiis
2398 1627 2739 1678 adhaerescat.

498 1718 605 1780 Qua
639 1721 686 1768 in
723 1736 775 1768 re
816 1735 904 1769 eos
938 1719 1081 1769 locos
1120 1721 1283 1785 excipi
1319 1719 1562 1778 volumus,
1612 1723 1660 1771 in
1697 1722 1876 1787 quibus
1914 1721 2023 1770 talis
2072 1721 2295 1770 eiusdem
2341 1721 2478 1768 vocis
2517 1719 2740 1784 repetitio

495 1814 581 1858 aut
616 1809 777 1858 studio
815 1811 1044 1874 quaesita
1082 1825 1195 1859 esse
1223 1810 1450 1858 videatur
1485 1815 1568 1859 aut
1604 1811 1665 1859 ad
1692 1812 1877 1876 ingenii
1903 1811 2147 1876 quandam
2174 1810 2449 1858 tarditatem
2479 1799 2739 1856 dicendive

492 1897 861 1949 festinationem
889 1900 1172 1949 revocanda
1200 1901 1316 1961 sit*).
1353 1900 1456 1950 Nos
1491 1900 1692 1964 quidem
1720 1916 1806 1949 eas
1832 1901 2094 1949 verborum
2122 1901 2304 1949 formas
2331 1897 2738 1955 examinabimus,

612 2153 644 2202 *)
677 2152 852 2189 Consulto
897 2158 933 2188 et
974 2153 1131 2200 cogitato
1172 2153 1303 2188 eadem
1336 2154 1450 2189 verba
1491 2157 1708 2198 repetuntur
1750 2153 1786 2188 in
1820 2153 1992 2188 antithesi
2032 2152 2262 2188 ornatissima
2299 2150 2371 2187 Cic.
2412 2151 2502 2188 Sex.
2541 2152 2651 2187 Rosc.
2690 2147 2741 2187 13

672 2235 786 2278 (locos
821 2247 867 2270 ex
900 2234 1128 2270 orationibus
1161 2232 1346 2270 Ciceronis
1378 2234 1547 2270 indicabo
1579 2234 1750 2280 ascriptis
1781 2235 2025 2281 paragraphis
2054 2238 2203 2269 secutus
2236 2234 2437 2269 editionem
2471 2233 2744 2279 Kayserianam

677 2313 711 2349 in
746 2315 824 2357 ‚,M.
860 2315 967 2350 Tullii
1002 2312 1188 2350 Ciceronis
1219 2325 1335 2360 opera
1364 2325 1462 2360 quae
1494 2319 1698 2360 supersunt
1736 2314 1858 2349 omnia
1897 2314 2092 2350 ediderunt
2121 2313 2153 2349 J.
2186 2313 2227 2349 G.
2259 2312 2394 2356 Baiter,
2440 2312 2480 2351 C.
2516 2314 2553 2348 l...
2588 2314 2744 2359 Kayser.

667 2474 715 2509 ib.
753 2471 819 2509 23.
883 2473 1051 2508 Eandem
1083 2473 1269 2518 scriptoris
1312 2474 1492 2508 rationem
1525 2479 1561 2508 et
1592 2480 1752 2508 mentem
1785 2473 1819 2507 in
1852 2474 1894 2507 iis
1926 2474 2014 2508 locis
2044 2473 2258 2518 perspicias,
2307 2472 2368 2507 ubi
2411 2474 2569 2519 repetita
2610 2474 2744 2508 eadem

668 2566 743 2590 vox
775 2559 837 2588 aut
870 2554 1073 2600 pleniorem
1117 2553 1237 2589 reddit
1269 2555 1471 2589 orationem
1503 2573 1558 2580 -—
1591 2553 1664 2590 Cic.
1705 2555 1778 2590 div.
1823 2553 1928 2589 Caec.
1963 2552 1987 2589 2
2020 2575 2075 2580 ——
2106 2559 2169 2588 aut
2209 2554 2421 2601 graviorem
2454 2573 2510 2580 —-
2544 2553 2617 2590 Cic.
2652 2554 2741 2590 Sex.

672 2637 779 2673 Rose.
827 2634 878 2674 30
920 2656 976 2662 —
1016 2640 1078 2672 aut
1118 2635 1237 2683 magis
1286 2636 1535 2683 perspicuam.
1608 2638 1725 2680 Klotz,
1767 2636 1908 2673 Handb.
1948 2637 2014 2672 der
2053 2635 2174 2672 latein.
2219 2635 2396 2673 Stilistik.
2470 2636 2569 2682 Lips.
2619 2632 2741 2673 1874.

669 2729 704 2765 p.
732 2714 826 2755 2⁴4.
864 2714 960 2753 208.
995 2713 1090 2752 297.
1152 2717 1263 2752 Plura
1286 2717 1395 2752 etiam
1418 2719 1592 2764 exempla
1612 2728 1744 2753 vocum
1777 2718 1942 2752 consulto
1964 2716 2199 2762 repetitarum
2221 2717 2438 2763 suppeditat
2460 2716 2520 2753 ille
2545 2718 2744 2753 verborum

318 2312 323 2344 l

318 2348 324 2607 ι
670 2395 769 2440 Lips.
832 2395 1000 2430 Tauchn.
1041 2392 1334 2431 1800—18139.
1374 2393 1417 2431 11
1456 2395 1601 2440 Vol.“)‚
1634 2395 1719 2430 item
1753 2400 1880 2433 tamen
1911 2405 1983 2430 vox
2015 2393 2086 2431 Cic.
2120 2394 2195 2430 div.
2228 2392 2335 2429 Caec.
2371 2392 2418 2431 21
2457 2398 2630 2443 autpeto
2653 2393 2744 2429 illud

321 2626 324 2654 l

321 2767 325 2803 l

681 2810 797 2840 usus,
855 2809 965 2845 quam
1008 2797 1273 2833 traductionem
1317 2797 1545 2845 grammatici
1585 2799 1770 2845 apellant,
1825 2797 1938 2833 veluti
1980 2795 2052 2833 Cic.
2096 2797 2201 2833 Verr.
2243 2797 2291 2833 lv
2351 2795 2455 2835 100:
2507 2799 2651 2848 neqotit'
2687 2818 2743 2824 —

668 2881 889 2928 neyotz‘um;
932 2879 1091 2917 crImine
1124 2896 1175 2903 -—
1211 2880 1392 2926 crimine;
1431 2880 1605 2918 omnibus
1641 2881 1835 2917 sententiis
1872 2898 1928 2904 -—
1967 2878 2142 2916 omnibus
2179 2881 2387 2917 sententiis.
2460 2879 2543 2915 Alia
2575 2879 2744 2914 eiusdem

672 2959 911 3005 repetitionis
951 2970 1064 2994 causa
1102 2958 1198 2993 inest
1228 2959 1265 2993 in
1296 2959 1532 2995 festinatione
1563 2960 1724 3005 quadam
1756 2958 1946 2994 scribentis
1984 2955 2074 3005 (Cic.
2111 2959 2208 2994 Lael.
2243 2971 2272 2996 e.
2314 2956 2363 2995 12
2397 2959 2455 2994 in:
2497 2960 2598 2998 haec
2626 2960 2746 3007 iqitur

665 3042 731 3078 Iex
761 3041 802 3078 in
833 3041 1009 3078 amicitia
1037 3041 1241 3078 sanciatur
1271 3044 1308 3075 et
1336 3041 1441 3076 brevi
1472 3046 1555 3085 post
1575 3052 1605 3076 c.
1635 3038 1682 3077 13
1708 3041 1764 3075 in:
1797 3041 1897 3078 haec
1916 3041 2035 3088 ἱρέων
2048 3041 2186 3089 prima
2207 3042 2274 3079 lex
2295 3042 2492 3080 amicitiae
2510 3043 2742 3085 sanciatur),

667 3125 732 3157 aut
762 3121 895 3157 inertia
926 3132 969 3156 ac
999 3121 1166 3156 tarditate
1199 3121 1352 3169 ingenii,
1386 3132 1499 3168 quam
1530 3121 1566 3156 in
1600 3121 1866 3156 narrationibus
1898 3121 2020 3156 minus
2051 3131 2258 3166 occurrere,
2294 3132 2407 3169 quam
2439 3123 2476 3158 in
2507 3125 2746 3170 argumenta·

666 3201 828 3238 tionibus
870 3201 989 3249 iisque
1030 3200 1202 3238 orationis
1242 3201 1420 3248 partibus,
1462 3202 1499 3239 in
1541 3202 1675 3249 quibus
1713 3201 1800 3249 quid
1841 3201 2054 3245 disseratur,
2101 3207 2396 3240 consentaneum
2443 3207 2510 3240 est.
2590 3203 2635 3239 cs.
2670 3199 2754 3238 Cic:

670 3284 759 3318 Sex.
775 3284 883 3319 Rose.
905 3282 971 3320 55.
1009 3282 1202 3318 Cumulata
1218 3285 1449 3320 concedendi
1474 3284 1796 3331 restringendique
1820 3285 2017 3318 formarum
2034 3285 2244 3331 complexio
2259 3285 2381 3329 efficit,
2404 3290 2443 3320 ut
2464 3285 2597 3319 vocula
2617 3288 2747 3321 tamen

328 3349 332 3577 l
669 3365 821 3410 saepius
862 3371 1047 3408 recurrat,
1096 3366 1293 3410 quoniam,
1351 3377 1427 3411 quo
1471 3367 1554 3411 quis
1601 3366 1721 3399 minus
1771 3366 1970 3399 instructus
2013 3372 2071 3400 est
2119 3367 2292 3401 omnibus
2333 3367 2482 3401 dicendi
2521 3367 2745 3401 adiumentis
